@Article{ TS-vdw,
	author = "A. Tkatchenko and M. Scheffler",
	title = "",
	year = "2009",
	journal = "Phys. Rev. Lett.",
	volume = "102",
	pages = "073005"
}

@Article{ Adamo99,
	author = "C. Adamo and V. Barone",
	title = "",
	year = "1999",
	journal = "J. Chem. Phys.",
	volume = "110",
	pages = "6158"
}

@Article{ Alsenoy88,
	author = "C. Van~Alsenoy",
	title = "",
	year = "1988",
	journal = "J. Comput. Chem.",
	volume = "9",
	pages = "620"
}

@Article{ AM05,
	author = "R. Armiento and Ann E. Mattsson",
	title = "",
	journal = "Phys. Rev. B",
	volume = "\textbf{72}",
	pages = "085108",
	year = 2005
}

@Article{ Andersen80,
	author = "H.C. Andersen",
	title = "",
	year = "1980",
	journal = "J. Chem. Phys.",
	volume = "72",
	pages = "2384"
}

@Book{ Anisimov2000,
	title = "Strong Coulomb correlations in electronic structure calculations",
	editor = "V. I. Anisimov",
	publisher = "Gordon and Breach",
	address = "New York",
	year = 2000
}

@Article{ Baker94,
	author = "J. Baker and J. Andzelm and A. Scheiner and B. Delley",
	title = "",
	year = "1994",
	journal = "J. Chem. Phys.",
	volume = "101",
	pages = "8894"
}

@Article{ Becke88b,
	author = "A.D. Becke",
	title = "",
	journal = "J. Chem. Phys.",
	year = "1988",
	volume = "88",
	pages = "1053"
}

@Article{ Behler05,
	author = "J. Behler and B. Delley and S. Lorenz and K. Reuter and M. Scheffler",
	title = "",
	journal = "Phys. Rev. Lett.",
	volume = "\textbf{94}",
	pages = "036104",
	year = 2005
}

@Article{ Behler07,
	author = "J. Behler and B. Delley and K. Reuter and M. Scheffler",
	title = "",
	journal = "Phys. Rev. B",
	volume = "\textbf{75}",
	pages = "115409",
	year = 2007
}

@Article{ Blum08,
	author = "V. Blum and R. Gehrke and F. Hanke and P. Havu and V. Havu and X. Ren and K. Reuter and M. Scheffler",
	title = "\emph{Ab initio} molecular simulations with numeric atom-centered orbitals",
	journal = "Comp. Phys. Comm.",
	year = "2009",
	volume = "\textbf{180}",
	pages = "2175"
}

@Article{ Ren12a,
	author = "X. Ren and P. Rinke and V. Blum and J. Wieferink and A. Tkatchenko and A. Sanfilippo and K. Reuter and M. Scheffler",
	title = "Resolution-of-identity approach to {Hartree-Fock}, hybrid density functionals, {RPA}, {MP2} and {GW} with numeric atom-centered orbital basis functions",
	journal = "New J. Phys.",
	year = "2012",
	volume = "\textbf{14}",
	pages = "053020"
}

@Article{ Ren11,
	author = "X. Ren and A. Tkatchenko and P. Rinke and M. Scheffler",
	title = "Beyond the Random-Phase Approximation for the Electron Correlation Energy: The Importance of Single Excitations",
	journal = "Phys. Rev. Lett.",
	year = "2011",
	volume = "\textbf{106}",
	pages = "153003"
}

@Article{ Grueneis09,
	Author = {Andreas Gr{\"u}neis and Martijn Marsman and Judith Harl and Laurids Schimka and Georg Kresse},
	Title = "Making the random phase approximation to electronic correlation accurate",
	Journal = "J. Chem. Phys.",
	Year = "2009",
	Volume = "131",
	pages = "154115"
}

@Misc{ Ren12b,
	author = "X. Ren and P. Rinke and G. E. Scuseria and M. Scheffler",
	note = "in preparation"
}

@Article{ Boys59,
	author = "S.F. Boys and I. Shavitt",
	title = "",
	year = "1959",
	journal = "University of Wisconsin Rept.",
	volume = "WIS-AF-13"
}

@Article{ Chadi73,
	author = "D.J. Chadi and M.L. Cohen",
	title = "",
	journal = "Phys. Rev. B",
	volume = "\textbf{8}",
	pages = "5747",
	year = 1973
}

@Article{ Cep80,
	author = "D. M. Ceperley and B. J. Alder",
	title = "Ground state of the electron gas by a stochastic method",
	journal = "Phys. Rev. Lett.",
	volume = "\textbf{45}",
	pages = "566--569",
	year = 1980
}

@Article{ Delley90,
	author = "B. Delley",
	title = "",
	year = "1990",
	journal = "J. Chem. Phys.",
	volume = "92",
	pages = "508"
}

@Article{ Delley95,
	author = "B. Delley",
	title = "",
	year = "1995",
	journal = "J. Comp Chem.",
	volume = "17",
	pages = "1152"
}

@Article{ Dion04,
	author = {M. Dion and H. Rydberg and E. Schr{\"o}der and D. C. Langreth and  and B. I. Lundqvist},
	title = "",
	year = "2004",
	journal = "Phys. Rev. Lett.",
	volume = "92",
	pages = "246401"
}

@Article{ Eichkorn95,
	author = {K. Eichkorn and O. Treutler and H. {\"O}hm and M. H{\"a}ser and R. Ahlrichs},
	title = "",
	year = "1995",
	journal = "Chem. Phys. Lett.",
	volume = "240",
	pages = "283"
}

@Article{ Eckart35,
	author = "C. Eckart",
	title = "",
	year = "1935",
	journal = "Phys. Rev.",
	volume = "\textbf{47}",
	pages = "552"
}

@Article{ fre09,
	author = {Christoph Freysoldt and J{\"o}rg Neugebauer and Chris G. Van de Walle},
	title = "Fully Ab Initio {Finite-Size} Corrections for {Charged-Defect} Supercell Calculations",
	year = "2009",
	journal = "Phys. Rev. Lett.",
	volume = "102",
	pages = "016402"
}

@Article{ Fu83,
	author = "C.-L. Fu and K.-M. Ho",
	title = "",
	journal = "Phys. Rev. B",
	volume = "\textbf{28}",
	pages = "5480",
	year = 1983
}

@Article{ Gillan89,
	author = "M.J. Gillan",
	title = "",
	year = "1989",
	journal = "J. Phys.:Condens. Matter",
	volume = "1",
	pages = "689"
}

@Article{ Grimme03,
	author = "S. Grimme",
	title = "",
	journal = "J. Chem. Phys.",
	volume = "\textbf{20}",
	pages = "9095",
	year = 2003
}

@Article{ Grabowski09,
	author = "B Grabowski and L Ismer and T Hickel and J Neugebauer",
	journal = "Phys. Rev. B",
	pages = "134106",
	volume = "79",
	year = "2009"
}

@Article{ Hammer99,
	author = "B. Hammer and L.B. Hansen and J.K. N{\o}rskov",
	title = "",
	year = "1999",
	journal = "Phys. Rev. B",
	volume = "59",
	pages = "7413"
}

@Article{ Han06,
	title = "{O(N)} {LDA+U} electronic structure calculation method based on the nonorthogonal pseudoatomic orbital basis",
	volume = "73",
	url = "http://link.aps.org/doi/10.1103/PhysRevB.73.045110",
	doi = "10.1103/PhysRevB.73.045110",
	abstract = "We report an implementation of the {LDA+U} method based on the state-of-the-art linear combination of pseudo-atomic orbital {(LCPAO)} method, which is suitable for large-scale {O(N)} electronic structure calculations based on the density functional theory. By introducing a dual representation of the occupation number matrix instead of the on-site or full representations, the {LDA+U} formalism is refined to be consistent with a nonorthogonal {LCPAO} basis in regard to the sum rule of the total number of electrons. For typical transition metal oxide bulk systems, the band gap, magnetic moment, and detailed electronic structures are investigated with the different choices of basis orbitals and effective U values as well as the definition of the occupation number matrix. The results are in good agreement with previous theoretical and experimental studies, indicating that the proposed {LDA+U} scheme combined with the {O(N)} method is a quite promising approach for the study of large-scale correlated material systems consisting of localized electrons. We discuss the electronic structure and magnetic properties of {(NiO)mâˆ•(CoO)n} superlattices as an application of our method.",
	number = "4",
	journal = "Physical Review B",
	author = "Myung Joon Han and Taisuke Ozaki and Jaejun Yu",
	month = jan,
	year = "2006",
	pages = "045110"
}

@Article{ Havu08,
	author = "V. Havu and V. Blum and P. Havu and M. Scheffler",
	title = "",
	year = "2009",
	journal = "J. Comput. Phys.",
	volume = "\textbf{228}",
	pages = "8367"
}

@Article{ Hedin65,
	author = "L. Hedin",
	title = "",
	journal = "Phys. Rev.",
	year = "1965",
	volume = "139",
	pages = "A796"
}

@Article{ HenkelmanJCP2000,
	author = "G. Henkelman and H. Jonsson",
	title = "Improved tangent estimate in the nudged elastic band method for finding minimum energy paths and saddle points",
	journal = "J. Chem. Phys.",
	volume = "\textbf{113}",
	pages = "9978",
	year = 2000
}

@Article{ HenkelmanJCP2000a,
	author = "G. Henkelman and B. P. Uberuagga and H. Jonsson",
	title = "A climbing image nudged elastic band method for finding saddle points and minimum energy paths",
	journal = "J. Chem. Phys.",
	volume = "\textbf{113}",
	pages = "9901",
	year = 2000
}

@Article{ Heyd03,
	author = "Jochen Heyd and Gustavo E. Scuseria and Matthias Ernzerhof",
	title = "",
	year = "2003",
	journal = "J. Chem. Phys.",
	volume = "118",
	pages = "8207"
}

@Article{ Heyd06,
	author = "Jochen Heyd and Gustavo E. Scuseria and Matthias Ernzerhof",
	title = "",
	year = "2006",
	journal = "J. Chem. Phys.",
	volume = "124",
	pages = "219906"
}

@Article{ Hirshfeld77,
	author = "F.L. Hirshfeld",
	title = "",
	year = "1977",
	journal = "Theor. Chim. Acta (Berl.)",
	volume = "44",
	pages = "129"
}

@Article{ Hohenberg64,
	author = "P. Hohenberg and W. Kohn",
	title = "",
	year = "1964",
	journal = "Phys. Rev. B",
	volume = "136",
	pages = "864"
}

@Article{ Ishida98,
	title = "",
	author = "H. Ishida and Y. Nagai and A. Kidera",
	journal = "Chem. Phys. Lett.",
	volume = "282",
	number = "2",
	pages = "115",
	year = "1998"
}

@Article{ Junquera01,
	author = "J. Junquera and O. Paz and D. Sanchez-Portal and E. Artacho",
	title = "",
	year = "2001",
	journal = "Phys. Rev. B",
	volume = "64",
	pages = "235111"
}

@Article{ Kerker81,
	author = "G.P. {Kerker}",
	title = "",
	year = "1981",
	journal = "Phys. Rev. B",
	volume = "\textbf{23}",
	pages = "3082"
}

@Article{ Klamt93,
	title = "{COSMO:} a new approach to dielectric screening in solvents with explicit expressions for the screening energy and its gradient",
	issn = "1364-5471",
	shorttitle = "{COSMO}",
	doi = "10.1039/P29930000799",
	abstract = "Starting from the screening in conductors, an algorithm for the accurate calculation of dielectric screening effects in solvents is presented, which leads to rather simple explicit expressions for the screening energy and its analytic gradient with respect to the solute coordinates. Thus geometry optimization of a",
	language = "en",
	number = "5",
	journal = "J. Chem. Soc., Perkin Trans. 2",
	author = {A. Klamt and G. Sch{\"u}{\"u}rmann},
	month = jan,
	year = "1993",
	pages = "799--805"
}

@Article{ Kohn65,
	author = "W. Kohn and L.J. Sham",
	title = "",
	year = "1965",
	journal = "Phys. Rev.",
	volume = "140",
	pages = "A1133"
}

@Article{ Kre96,
	author = {G. Kresse and J. Furthm{\"u}ller},
	title = "Efficiency of ab-initio total energy calculations for metals and semiconductors using a plane-wave basis set",
	journal = "Comp. Mat. Sci.",
	volume = "\textbf{6}",
	pages = "15--50",
	year = 1996
}

@Article{ Krukau06,
	author = "Aliaksandr V. Krukau and Oleg A. Vydrov and Artur F. Izmaylov and Gustavo E. Scuseria",
	title = "",
	year = "2006",
	journal = "J. Chem. Phys.",
	volume = "125",
	pages = "224106"
}

@Article{ Vydrov06,
	author = "Jochen Heyd Aliaksandr V. Krukau {Oleg A. Vydrov} and Gustavo E. Scuseria",
	title = "",
	year = "2006",
	journal = "J. Chem. Phys.",
	volume = "125",
	pages = "074106"
}

@Article{ Lebedev75,
	author = "V.I. Lebedev",
	title = "",
	year = "1975",
	journal = "Zh. Vychisl. Mat. mat. Fiz.",
	volume = "15",
	pages = "48"
}

@Article{ Lebedev76,
	author = "V.I. Lebedev",
	title = "",
	year = "1976",
	journal = "Zh. Vychisl. Mat. mat. Fiz.",
	volume = "16",
	pages = "293"
}

@Article{ Lebedev99,
	author = "V.I. Lebedev and D.N. Laikov",
	title = "",
	year = "1999",
	journal = "Doklady Mathematics",
	volume = "59",
	issue = "3",
	pages = "477"
}

@Article{ Lee88,
	author = "C.L. Lee and W. Yang and R.G. Parr",
	title = "",
	journal = "Phys. Rev. B",
	year = "1988",
	volume = "37",
	pages = "785"
}

@Article{ Len93,
	author = "E. van Lenthe and E. J. Baerends and J. G. Snijders",
	title = "Relativistic regular two-component Hamiltonians",
	journal = "J. Chem. Phys.",
	volume = "\textbf{99}",
	pages = "4597--4610",
	year = 1993
}

@Article{ Lenthe94,
	author = "E. van~Lenthe van~Lenthe van~Lenthe van~Lenthe and E.J. Baerends and J.G. Snijders",
	title = "",
	year = "1994",
	journal = "J. Chem. Phys.",
	volume = "101",
	pages = "9783"
}

@Article{ Len96,
	author = "E. van Lenthe and J. G. Snijders and E. J. Baerends",
	title = "The zero-order approximation for relativistic effects: The effect of spin-orbit coupling in closed-shell molecules",
	journal = "J. Chem. Phys.",
	volume = "\textbf{105}",
	pages = "6505--6516",
	year = 1996
}

@Article{ makov95,
	author = "G. Makov and M. C. Payne",
	title = "",
	year = "1995",
	journal = "Phys. Rev. B",
	volume = "51",
	pages = "4014"
}

@Article{ Manninen75,
	author = {M. Manninen and R. Nieminen and P. Hautoj{\"a}rvi},
	title = "",
	year = "1975",
	journal = "Phys. Rev. B",
	volume = "12",
	pages = "4012"
}

@Article{ Mennucci02,
	author = "B. Mennucci and J. Tomasi and R. Cammi and J. R. Cheeseman and M. J. Frisch and F. J. Devlin and S. Gabriel and P. J. Stephens",
	title = "Polarizable Continuum Model (PCM) Calculations of Solvent Effects on Optical Rotations of Chiral Molecules",
	journal = "J. Phys. Chem. A",
	volume = "106",
	number = "25",
	pages = "6102--6113",
	year = "2002"
}

@Article{ Mermin65,
	author = "N.D. {Mermin}",
	title = "",
	year = "1965",
	journal = "Phys. Rev.",
	volume = "137",
	pages = "A1441"
}

@Article{ Met89,
	author = "M. Methfessel and A. T. Paxton",
	title = "",
	journal = "Phys. Rev. B",
	volume = "\textbf{40}",
	pages = "3616",
	year = 1989
}

@Article{ Monkhorst76,
	author = "H.J. Monkhorst and J.D. Pack",
	title = "",
	journal = "Phys. Rev. B",
	volume = "\textbf{13}",
	pages = "5188",
	year = 1976
}

@Article{ Mulliken55,
	author = "R.S. Mulliken",
	title = "",
	year = "1955",
	journal = "J. Chem. Phys.",
	volume = "23",
	pages = "1833"
}

@Article{ Nabok08,
	author = "D. Nabok and P. Puschnig and C. Ambrosch-Draxl",
	title = "",
	year = "2008",
	journal = "Phys. Rev. B",
	volume = "77",
	pages = "245316"
}

@Article{ Nieminen77,
	author = "R. Nieminen",
	title = "",
	year = "1977",
	journal = "J. Phys. F",
	volume = "7",
	pages = "375"
}

@Book{ NumericalRecipes,
	author = "William K. Press and Saul A. Teukolsky and William T. Vetterlin and Brian T. Flannery",
	title = "Numerical Recipes",
	edition = "3",
	publisher = "Cambridge University Press",
	year = "2007"
}

@Book{ Nocedal06-numopt,
	author = "Jorge Nocedal and Stephen J. Wright",
	title = "Numerical optimization",
	publisher = "Springer",
	year = 2006,
	edition = "2.",
	isbn = "0-387-30303-0"
}

@Article{ Parlinski97,
	author = "K. Parlinski and Z. Q. Li and Y. Kawazoe",
	title = "First-Principles Determination of the Soft Mode in Cubic ZrO$\_2$",
	journal = "Phys. Rev. Lett.",
	volume = "\textbf{78}",
	pages = "4063--4066",
	year = 1997
}

@Article{ Per81,
	author = "J. P. Perdew and A. Zunger",
	title = "Self-interaction correction to density-functional approximations for many-electron systems",
	journal = "Phys. Rev. B",
	volume = "\textbf{23}",
	pages = "5048--5079",
	year = 1981
}

@Article{ Per92,
	author = "J. P. Perdew and Y. Wang",
	title = "Accurate and simple analytic representation of the electron-gas correlation energy",
	journal = "Phys. Rev. B",
	volume = "\textbf{45}",
	pages = "13244--13249",
	year = 1992
}

@Article{ Per97,
	author = "J. P. Perdew and K. Burke and M. Ernzerhof",
	title = "Generalized gradient approximation made simple",
	journal = "Phys. Rev. Lett.",
	volume = "\textbf{77}",
	pages = "3865--3868",
	year = 1997
}

@Article{ Fabiano10,
	author = "E. Fabiano and L . A. Constantin and F. Della Sala",
	title = " Generalized gradient approximation bridging the rapidly and slowly varying density regimes: A PBE-like functional for hybrid interfaces",
	journal = "Phys. Rev. B",
	volume = "\textbf{82}",
	pages = "113104",
	year = 2010
}

@Article{ Perdew08,
	author = "J.P. Perdew and A. Ruzsinszky and G.I. Csonka and O.A. Vydrov and G.E. Scuseria and L.A. Constantin and X. Zhou and K. Burke",
	title = "",
	year = "2008",
	journal = "Phys. Rev. Lett.",
	volume = "100",
	pages = "136406"
}

@Article{ petukhov03,
	title = "Correlated metals and the {LDA+U} method",
	author = "A. G. Petukhov and I. I. Mazin and L. Chioncel and A. I. Lichtenstein",
	doi = "10.1103/PhysRevB.67.153106",
	abstract = "While the {LDA+U} method is well established for strongly correlated materials with well localized orbitals, its application to weakly correlated metals is questionable. By extending the LDA Stoner approach ont o {LDA+U,} we show that {LDA+U} enhances the Stoner factor, while reducing the density of states. Arguably the most important correlation effects in metals, fluctuation-induced mass renormalization, and suppression of the St oner factor, are missing from {LDA+U.} On the other hand, for moderately correlated metals {LDA+U} may be useful. With this in mind, we derive a version of {LDA+U} that is consistent with the {Hohenberg-Kohn} theorem and can be formulated as a constrained density functional theory. We illustrate all of the above on concrete examples, including the controversial case of magnetism in {FeAl.}",
	journal = "Physical Review B",
	volume = 67,
	number = 15,
	pages = 153106,
	year = 2003,
	month = apr
}

@Article{ Pulay80,
	author = "P. Pulay",
	title = "Convergence acceleration of iterative sequences. The case of SCF iteration",
	journal = "Chem. Phys. Lett.",
	volume = "\textbf{73}",
	pages = "393--398",
	year = 1980
}

@Article{ Pyykko88,
	author = {P. Pyykk{\"o}},
	title = "",
	year = "1988",
	journal = "Chem. Rev.",
	volume = "88",
	pages = "563"
}

@Article{ Rojas95,
	author = "H. N. Rojas and R. W. Godby and R. J. Needs",
	title = "",
	journal = "Phys. Rev. Lett.",
	volume = "\textbf{74}",
	pages = "1827",
	year = 1995
}

@Article{ Sayvetz39,
	author = "A. Sayvetz",
	title = "",
	year = "1939",
	journal = "J. Phys. Chem.",
	volume = "\textbf{7}",
	pages = "383"
}

@InCollection{ Scuseria05,
	author = "G.E. Scuseria and V.N. Staroverov",
	title = "Progress in the development of exchange-correlation functionals",
	year = "2005",
	booktitle = "Theory and Applications of Computational Chemistry: The First 40 Years",
	editor = "C.E. Dykstra and G. Frenking and K.S. Kim and G.E. Scuseria",
	publisher = "Elsevier, Amsterdam",
	chapter = "24",
	note = {The parameters for "VWN"-LDA as implemented in the Gaussian code are given in Table 1.}
}

@Article{ Sherwood03,
	author = {P. Sherwood and A. H. de~Vries de~Vries de~Vries de~Vries and M. F. Guest and G. Schreckenbach and R. A. Catlow and S. A. French and A. A. Sokol and S. T. Bromley and W. Thiel and A. J. Turner and S. Billeter and F. Terstegen and S. Thiel and J. Kendrick and S. C. Rogers and J. Casci and M. Watson and F. King and E. Karlsen and M. Sj{\o}voll and A. Fahmi and A. Sch{\"a}fer and C. Lennartz},
	title = "",
	year = "2003",
	journal = "J. Mol. Struct (Theochem)",
	volume = "\textbf{632}",
	pages = "1"
}

@Article{ Stratmann96,
	author = "R.E. Stratmann and G.E. Scuseria and M.J. Frisch",
	title = "",
	year = "1996",
	journal = "Chem. Phys. Lett.",
	volume = "257",
	pages = "213"
}

@Article{ Vahtras93,
	author = {O. Vahtras and J. Alml{\"o}f and M.W. Feyereisen},
	title = "",
	year = "1993",
	journal = "Chem. Phys. Lett.",
	volume = "213",
	pages = "514"
}

@Article{ Vit91,
	author = "A. de Vita and M. J. Gillan",
	title = "",
	journal = "J. Phys.: Condens. Matter",
	volume = "\textbf{3}",
	pages = "6225",
	year = 1991
}

@Article{ Vosko80,
	author = "S.H. Vosko and L. Wilk and M. Nusair",
	title = "",
	year = "1980",
	journal = "Can. J. Phys.",
	volume = "58",
	pages = "1200"
}

@PhDThesis{ Vit92,
	author = "A. de Vita",
	title = "",
	address = "Keele University",
	year = 1992
}

@Article{ Wagner98,
	author = "F. Wagner and Th. Laloyaux and M. Scheffler",
	title = "",
	year = "1998",
	journal = "Phys. Rev. B",
	volume = "57",
	pages = "2102"
}

@Article{ bondjcompphys1999,
	title = "{The Nose-Poincare method for constant temperature molecular dynamics}",
	author = "S.D. Bond and B.J. Leimkuhler and B.B. Laird",
	journal = "J. Comp. Phys.",
	volume = "151",
	number = "1",
	pages = "114--134",
	year = "1999"
}

@Article{ BDP,
	title = "{Canonical sampling through velocity rescaling}",
	author = "G. Bussi and D. Donadio and M. Parrinello",
	journal = "J. Chem. Phys.",
	volume = "126",
	pages = "014101",
	year = "2007"
}

@Book{ frenkelsmit,
	title = "{Understanding Molecular Simulation: From Algorithms to Applications}",
	author = "D. Frenkel and B. Smit",
	year = "2002",
	edition = "second",
	publisher = "Academic Press"
}

@Book{ Dreizler90,
	title = "Density Functional Theory",
	author = "R. M. Dreizler and E. K. U. Gross",
	year = "1990",
	publisher = "Springer",
	address = "Berlin"
}

@Article{ Vocadlo02,
	author = "L. Vo\v{c}adlo and D. Alf{\`e}",
	journal = "Phys. Rev. B",
	volume = "65",
	pages = "214105",
	year = "2002"
}

@Article{ Zhang98,
	author = "Y. Zhang and W. Yang",
	title = "",
	year = "1998",
	journal = "Phys. Rev. Lett.",
	volume = "80",
	pages = "890"
}

@Misc{ jmol,
	author = "Jmol",
	title = "An open-source Java viewer for chemical structures in 3{D}. ",
	howpublished = "http://www.jmol.org/ "
}

@Article{ mtd,
	author = "A. Laio and M. Parrinello",
	title = "Escaping free energy minima",
	year = "2002",
	journal = "Proc. Natl. Acad. Sci.",
	volume = "20",
	pages = "12562"
}

@Article{ wmtd,
	author = "A. Barducci and G. Bussi and M. Parrinello",
	title = "Well-tempered metadynamics: A smoothly converging and tunable free-energy method",
	year = "2008",
	journal = "Phys. Rev. Lett.",
	volume = "100",
	pages = "020603"
}

@Article{ usa1,
	author = "G. Torrie and J. Valleau",
	title = "Nonphysical sampling distributions in monte carlo free energy estimation: Umbrella sampling",
	year = "1977",
	journal = "J. Comput. Phys.",
	volume = "23",
	pages = "187"
}

@Article{ usa2,
	author = "S. Kumar and J. M. Rosenberg and D. Bouzida and R. H. Swendsen and P. A. Kollman",
	title = "Multidimensional free-energy calculations using the weighted histogram analysis method",
	year = "1995",
	journal = "J. Comput. Chem.",
	volume = "16",
	pages = "1339"
}

@Article{ usa3,
	author = "B. Roux",
	title = "The calculation of the potential of mean force using computer-simulations",
	year = "1995",
	journal = "Comput. Phys. Comm.",
	volume = "91",
	pages = "275"
}

@Article{ smd1,
	author = "C. Jarzynski",
	title = "Nonequilibrium equality for free energy differences",
	year = "1997",
	journal = "Phys. Rev. Lett",
	volume = "78",
	pages = "2690"
}

@Article{ smd2,
	author = "G. Crooks",
	title = "Nonequilibrium measurements of free energy differences for microscopically reversible markovian systems",
	year = "1998",
	journal = "J. Stat. Phys.",
	volume = "90",
	pages = "1481"
}

@Article{ nik06,
	title = "{Time-Reversible} {Born-Oppenheimer} Molecular Dynamics",
	volume = "97",
	doi = "10.1103/PhysRevLett.97.123001",
	journal = "Phys. Rev. Lett.",
	author = "Anders M. N. Niklasson and C. J. Tymczak and Matt Challacombe",
	year = "2006",
	pages = "123001"
}

@Article{ Lin95,
	author_full = {Roland Lindh and Anders Bernhardsson and Gunnar Karlstr{\"o}m and Per-{\AA}ke Malmqvist},
	author = {R. Lindh and A. Bernhardsson and G. Karlstr{\"o}m and P.-{\AA}. Malmqvist},
	title_full = "On the use of a {H}essian model function in molecular geometry optimizations",
	journal = "Chem. Phys. Lett.",
	year = 1995,
	volume = 241,
	pages_full = "423-428",
	pages = "423",
	doi = "10.1016/0009-2614(95)00646-L"
}

@Article{ Talman03-MCI,
	title = "Numerical methods for multicenter integrals for numerically defined basis functions applied in molecular calculations",
	volume = "93",
	doi = "10.1002/qua.10538",
	number = "2",
	journal = "Internat. J. Quant. Chem.",
	author = "James D. Talman",
	year = "2003",
	pages = "72--90"
}

@Article{ Talman09-numSBT,
	title = "{NumSBT:} A subroutine for calculating spherical Bessel transforms numerically",
	volume = "180",
	doi = "10.1016/j.cpc.2008.10.003",
	number = "2",
	journal = "Comput. Phys. Comm.",
	author = "{J.D.} Talman",
	month = feb,
	year = "2009",
	pages = "332--338"
}

@Article{ Hamilton00-fftlog,
	title = "Uncorrelated modes of the non-linear power spectrum",
	volume = "312",
	doi = "10.1046/j.1365-8711.2000.03071.x",
	number = "2",
	journal = "Mon. Not. R. Astron. Soc.",
	author = "A. J. S. Hamilton",
	year = "2000",
	pages = "257--284"
}

@Misc{ Hamilton00-fftlog-www,
	author = "Andrew J. S. Hamilton",
	title = "FFTLog",
	year = 2000,
	url = "http://casa.colorado.edu/~ajsh/FFTLog/"
}

@Article{ itoh1997scg,
	title = "Single Crystal Growth of SiC and Electronic Devices",
	author = "A. Itoh and H. Matsunami",
	publisher = "Taylor \& Francis",
	journal = "Critical Reviews in Solid State and Materials Sciences",
	number = 2,
	volume = 22,
	pages = "111--197",
	year = 1997,
	doi = "10.1080/10408439708241260"
}

@Article{ Loewdin51,
	author = "P.O. Loewdin",
	title = "",
	year = "1951",
	journal = "J. Chem. Phys.",
	volume = "19",
	pages = "{1936--1401}"
}

@Book{ Messiah,
	author = "A. Messiah",
	title = "Quantum Mechanics",
	publisher = "North-Holland Publishing Company Amsterdam",
	year = "1970"
}

@Book{ Winkler:SOC,
	author = "R. Winkler",
	title = "Spin-Orbit Coupling Effects in Two-Dimensional Electron and Hole Systems",
	publisher = "Springer",
	year = "2003"
}

@Article{ Pulay04-FMD,
	title = "Fock matrix dynamics",
	volume = "386",
	doi = "10.1016/j.cplett.2004.01.069",
	journal = "Chem. Phys. Lett.",
	author = "Peter Pulay and G{\'e}za Fogarasi",
	year = "2004",
	pages = "272--278"
}

@Article{ Herbert-HG05-FMD,
	title = "Accelerated, energy-conserving {Born-Oppenheimer} molecular dynamics via Fock matrix extrapolation",
	volume = "7",
	journal = "Phys. Chem. Chem. Phys.",
	author = "John M. Herbert and Martin {Head-Gordon}",
	year = "2005",
	pages = "3269--3275",
	doi = "10.1039/b509494a"
}

@Article{ Kue07,
	author = {Thomas D. K{\"u}hne and Matthias Krack and Fawzi R. Mohamed and Michele Parrinello},
	title = "Efficient and accurate {Car}-{Parrinello}-like approach to {Born}-{Oppenheimer} molecular dynamics",
	journal = "Phys. Rev. Lett.",
	year = 2007,
	volume = 98,
	pages = 066401,
	doi = "10.1103/PhysRevLett.98.066401"
}

@Article{ Kolafa96-HOTR,
	title = "Numerical Integration of Equations of Motion with a {Self-Consistent} Field given by an Implicit Equation",
	volume = "18",
	doi = "10.1080/08927029608024123",
	journal = "Mol. Simul.",
	author = "Ji\v{r}{\'i} Kolafa",
	year = "1996",
	pages = "193"
}

@Article{ Dunlap10-RIreview,
	title = "Variational fitting methods for electronic structure calculations",
	volume = "108",
	doi = "10.1080/00268976.2010.518982",
	number = "21",
	journal = "Mol. Phys.",
	author = {Brett I. Dunlap and Notker R{\"o}sch and S. B. Trickey},
	year = "2010",
	pages = "3167"
}

@Article{ Gulans09,
	title = "Linear-scaling self-consistent implementation of the van der Waals density functional",
	volume = "79",
	journal = "Phys. Rev. B",
	author = "A. Gulans and M. Puska and R. Nieminen",
	year = "2009",
	pages = "201105(R)",
	doi = "10.1103/PhysRevB.79.201105"
}

@Article{ Arnold2007,
	title = "Quantum chemistry calculations for molecules coupled to reservoirs: Formalism, implementation, and application to benzenedithiol",
	volume = "126",
	journal = "J.\ Chem.\ Phys.",
	author = "A.\ Arnold and F.\ Weigend and F.\ Evers",
	year = "2007",
	pages = "174101",
	doi = "10.1063/1.2716664"
}

@Article{ Evers2006,
	title = "Molecular Conductance from Ab Initio Calculations: Self Energies and Absorbing Boundary Conditions",
	journal = "arXiv:cond-mat/0611401v1",
	year = "2006",
	author = "F.\ Evers and A.\ Arnold"
}

@Article{ Wilhelm2013,
	title = "Ab initio simulations of scanning-tunneling-microscope images with embedding techniques and application to C58-dimers on Au(111)",
	author = "J.\ Wilhelm and M.\ Walz and M.\ Stendel and A.\ Bagrets and F.\ Evers",
	journal = "Phys. Chem. Chem. Phys.",
	volume = "15",
	pages = "6684",
	year = "2013"
}

@Article{ Bagrets2013,
	title = "Spin-polarized electron transport across metal-organic molecules: a density functional theory approach",
	author = "A.\ Bagrets",
	journal = "J. Chem. Theory Comput.",
	volume = "9",
	pages = "2801",
	year = "2013"
}

@Article{ KleinmanBylander,
	title = "Efficacious Form for Model Pseudopotentials",
	author = "L. Kleinman and D. M. Bylander",
	journal = "Phys. Rev. Lett.",
	volume = "48",
	issue = "20",
	pages = "1425--1428",
	year = "1982",
	month = "May",
	doi = "10.1103/PhysRevLett.48.1425",
	publisher = "American Physical Society"
}

@Article{ STRORI,
	author = "E Weinan and Weiqing Ren and Eric Vanden-Eijnden",
	title = "Simplified and improved string method for computing the minimum energy paths in barrier-crossing events",
	journal = "J. Chem. Phys.",
	volume = "126",
	pages = "164103",
	year = "2007",
	doi = "10.1063/1.2720838",
	URL = "http://dx.doi.org/10.1063/1.2720838"
}

@Article{ NEBTAN,
	author = "Graeme Henkelman and Hannes Jonsson",
	title = "Improved tangent estimate in the nudged elastic band method for finding minimum energy paths and saddle points",
	journal = "Journal of Chemical Physics",
	volume = "113",
	number = "22",
	pages = "9978--9985",
	year = "2000",
	doi = "10.1063/1.1323224",
	URL = "http://jcp.aip.org/resource/1/jcpsa6/v113/i22/p9978_s1",
	eprint = "http://jcp.aip.org/resource/1/jcpsa6/v113/i22/p9978\\_s1"
}

@Book{ NEBORI,
	author = "G. Mills K. W. Jacobsen {H. Jonsson}",
	title = "Nudged Elastic Band Method for Finding Minimum Energy Paths of Transitions",
	publisher = "World Scientific",
	year = "1998"
}

@Article{ FuchsFHI98PP,
	title = "Ab initio pseudopotentials for electronic structure calculations of poly-atomic systems using density-functional theory",
	journal = "Computer Physics Communications",
	volume = "119",
	number = "1",
	pages = "67--98",
	year = "1999",
	issn = "0010-4655",
	doi = "10.1016/S0010-4655(98)00201-X",
	author = "Martin Fuchs and Matthias Scheffler"
}

@Article{ Louie1982,
	title = "Nonlinear ionic pseudopotentials in spin-density-functional calculations",
	author = "Steven G. Louie and Sverre Froyen and Marvin L. Cohen",
	journal = "Phys. Rev. B",
	volume = "26",
	issue = "4",
	pages = "1738--1742",
	year = "1982",
	month = "Aug",
	doi = "10.1103/PhysRevB.26.1738",
	url = "http://link.aps.org/doi/10.1103/PhysRevB.26.1738",
	publisher = "American Physical Society"
}

@Article{ GLE1,
	title = "Langevin Equation with Colored Noise for Constant-Temperature Molecular Dynamics Simulations",
	author = "Michele Ceriotti and Giovanni Bussi and Michele Parrinello",
	journal = "Phys. Rev. Lett.",
	volume = "102",
	issue = "2",
	pages = "020601",
	numpages = "4",
	year = "2009",
	month = "Jan",
	doi = "10.1103/PhysRevLett.102.020601",
	url = "http://link.aps.org/doi/10.1103/PhysRevLett.102.020601",
	publisher = "American Physical Society"
}

@Article{ GLE2,
	author = "Michele Ceriotti and Michele Parrinello and Thomas E. Markland and David E. Manolopoulos",
	collaboration = "",
	title = "Efficient stochastic thermostatting of path integral molecular dynamics",
	publisher = "AIP",
	year = "2010",
	journal = "The Journal of Chemical Physics",
	volume = "133",
	number = "12",
	eid = "124104",
	numpages = "13",
	pages = "124104",
	keywords = "molecular dynamics method, quantum theory, stochastic processes, thermodynamics",
	url = "http://link.aip.org/link/?JCP/133/124104/1",
	doi = "10.1063/1.3489925"
}

@Article{ GLE3,
	author = "Michele Ceriotti and Giovanni Bussi and Michele Parrinello",
	title = "Colored-Noise Thermostats {\`a} la Carte",
	journal = "Journal of Chemical Theory and Computation",
	volume = "6",
	number = "4",
	pages = "1170--1180",
	year = "2010",
	doi = "10.1021/ct900563s",
	URL = "http://pubs.acs.org/doi/abs/10.1021/ct900563s",
	eprint = "http://pubs.acs.org/doi/pdf/10.1021/ct900563s"
}

@Article{ CeriottiMoreMano_2013,
	author = "Michele Ceriotti and Joshua More and Michele and David Manolopoulos",
	title = "i-PI: A Python interface for ab initio path integral molecular dynamics simulations",
	note = "submitted, http://gle4md.berlios.de/",
	year = "2013"
}

@Article{ Draxl06,
	title = "Linear optical properties of solids within the full-potential linearized augmented planewave method",
	author = "C. Ambrosch-Draxl and J. O. Sofo",
	journal = "Computer Physics Communications",
	pages = "1--14",
	number = "175",
	year = "2006"
}

@Article{ casida96,
	author = "Mark E. Casida",
	title = "Time-Depenent Density-Functional Response Theory for Molecules",
	journal = "Theoretical and Computational Modeling of NLO and Electronic Materials",
	year = "1996"
}

@Article{ libxcpaper12,
	author = "Miguel A. L. Marques and Micael J. T. Oliveira and Tobias Burnus",
	title = "Libxc: a library of exchange and correlation functionals for density functional theory",
	journal = " Computer Physics Communications",
	volume = "183",
	number = "10",
	pages = "2272--2281",
	year = "2012",
	url = "http://arxiv.org/abs/1203.1739"
}

@Article{ MBD,
	title = "Accurate and efficient method for many-body van der Waals interactions",
	author = "Alexandre Tkatchenko and Robert A {DiStasio Jr} and Roberto Car and Matthias Scheffler",
	journal = "Phys. Rev. Lett.",
	volume = "108",
	number = "23",
	pages = "236402",
	year = "2012",
	publisher = "APS"
}

@Article{ QHORPA,
	title = "Interatomic methods for the dispersion energy derived from the adiabatic connection fluctuation-dissipation theorem",
	author = "Alexandre Tkatchenko and Alberto Ambrosetti and Robert A {DiStasio Jr}",
	journal = "J. Chem. Phys.",
	volume = "138",
	pages = "074106",
	year = "2013"
}

@Article{ Hu2007,
	title = "Fitting Molecular Electrostatic Potentials from Quantum Mechanical Calculations",
	author = "H. Hu and Z. Lu and W. yang yang {yang yang}",
	journal = "J. Chem. Theory Comput.",
	pages = "1004--1013",
	volume = "3",
	year = "2007"
}

@Article{ Momany1978,
	title = "Determination of Partial Atomic Charges from Ab Initio Molecular Electrostatic Potentials. Application to Formamide, Methanol, and Formic Acid",
	author = "F. A. Momany",
	journal = "J. Chem. Phys.",
	pages = "592--601",
	volume = "82",
	year = "1978"
}

@Article{ Cox1981,
	title = "Representation of the molecular electrostatic potential by a net atomic charge model",
	author = "S. R. Cox and D. E. Williams",
	journal = "J. Comput. Chem.",
	pages = "304--323",
	volume = "2",
	year = "1981"
}

@Article{ Singh1984,
	title = "An approach to computing electrostatic charges for molecules",
	author = "U. C. Singh and P. A. Kollman",
	journal = "J. Comput. Chem.",
	pages = "129--145",
	volume = "5",
	year = "1984"
}

@Article{ Besler1990,
	title = "Atomic charges derived from semiempirical methods.",
	author = "B. H. Besler and K. M. Merz and P. A. Kollman",
	journal = "J. Comput. Chem.",
	pages = "431--439",
	volume = "11",
	year = "1990"
}

@Article{ Chirlian1987,
	title = "Atomic charges derived from electrostatic potentials: A detailed study.",
	author = "L. E. Chirlian and M. M. Francl",
	journal = "J. Comput. Chem.",
	pages = "894--905",
	volume = "8",
	year = "1987"
}

@Article{ Breneman1990,
	title = "Determining atom-centered monopoles from molecular electrostatic potentials. The need for high sampling density in formamide conformational analysis.",
	author = "C. M. Breneman and K. B. Wiberg",
	journal = "J. Comput. Chem.",
	pages = "361--373",
	volume = "11",
	year = "1990"
}

@Article{ Bayly1993,
	title = "A Well-Behaved Electrostatic Potential Based Method Using Charge Restraints for Deriving Atomic Charges: The RESP Model",
	author = "C. I. Bayly and P. Cieplak and W. D. Cornell and P. A. Kollman",
	journal = "J. Phys. Chem.",
	pages = "10269--10280",
	volume = "97",
	year = "1993"
}

@Article{ Sigfridsson1998,
	title = "Atomic Charges from the Electrostatic Potential and Moments",
	author = "E. Sigfridsson and U. Ryde",
	journal = "J. Comput. Chem.",
	volume = "19",
	number = "4",
	year = "1998"
}

@Article{ Campana2009,
	title = "Electrostatic Potential Derived Atomic Charges for Periodic Systems Using a Modified Error Functional",
	author = "C. Campana and B. Mussard and T. K. Woo",
	journal = "J. Chem. Theory Comput.",
	pages = "2866--2878",
	volume = "5",
	year = "2009"
}

@Article{ Chen2010,
	title = "Atomic Charges Derived from Electrostatic Potential for Molecular and Periodic Systems",
	author = "D.-J. Chen and A. C. Stern and B. Space and J. K. Johnson",
	journal = "J. Phys. Chem. A",
	pages = "10225--10233",
	volume = "114",
	year = "2010"
}

@Article{ Rowland1996,
	title = " Intermolecular Nonbonded Contact Distances in Organic Crystal Structures: Comparison with Distances Expected from van der Waals Radii.",
	author = "R. S. Rowland and R. Taylor",
	journal = "J. Phys. Chem.",
	pages = "7384--7391",
	volume = "100",
	year = "1996"
}

@Article{ Bondi1964,
	title = "van der Waals Volumes and Radii.",
	author = "A. Bondi",
	journal = "J. Phys. Chem.",
	pages = "441--451",
	volume = "68",
	year = "1964"
}

@Article{ Mantina2009,
	title = "Consistent van der Waals Radii for the Whole Main Group",
	author = "M. Mantina and A. C. Chamberlin and R. Valero and C. J. Cramer and D. G. Truhlar",
	journal = "J. Phys. Chem. A",
	pages = "5806--5812",
	volume = "113",
	year = "2009"
}

@Article{Pfrommer1997,
    author = {Pfrommer, Bernd G. and C{\^{o}}t{\'{e}}, Michel and Louie, Steven G. and Cohen, Marvin L.},
    journal = {Journal of Computational Physics},
    number = {1},
    pages = {233--240},
    title = {{Relaxation of Crystals with the Quasi-Newton Method}},
    volume = {131},
    year = {1997}
}

