@Article{ Mulliken55,
	author = "R.S. Mulliken",
	title = "",
	year = "1955",
	journal = "J. Chem. Phys.",
	volume = "23",
	pages = "1833"
}

@Article{ Hu2007,
	title = "Fitting Molecular Electrostatic Potentials from Quantum Mechanical Calculations",
	author = "H. Hu and Z. Lu and W. yang yang {yang yang}",
	journal = "J. Chem. Theory Comput.",
	pages = "1004--1013",
	volume = "3",
	year = "2007"
}

@Article{ Momany1978,
	title = "Determination of Partial Atomic Charges from Ab Initio Molecular Electrostatic Potentials. Application to Formamide, Methanol, and Formic Acid",
	author = "F. A. Momany",
	journal = "J. Chem. Phys.",
	pages = "592--601",
	volume = "82",
	year = "1978"
}

@Article{ Cox1981,
	title = "Representation of the molecular electrostatic potential by a net atomic charge model",
	author = "S. R. Cox and D. E. Williams",
	journal = "J. Comput. Chem.",
	pages = "304--323",
	volume = "2",
	year = "1981"
}

@Article{ Singh1984,
	title = "An approach to computing electrostatic charges for molecules",
	author = "U. C. Singh and P. A. Kollman",
	journal = "J. Comput. Chem.",
	pages = "129--145",
	volume = "5",
	year = "1984"
}

@Article{ Besler1990,
	title = "Atomic charges derived from semiempirical methods.",
	author = "B. H. Besler and K. M. Merz and P. A. Kollman",
	journal = "J. Comput. Chem.",
	pages = "431--439",
	volume = "11",
	year = "1990"
}

@Article{ Chirlian1987,
	title = "Atomic charges derived from electrostatic potentials: A detailed study.",
	author = "L. E. Chirlian and M. M. Francl",
	journal = "J. Comput. Chem.",
	pages = "894--905",
	volume = "8",
	year = "1987"
}

@Article{ Breneman1990,
	title = "Determining atom-centered monopoles from molecular electrostatic potentials. The need for high sampling density in formamide conformational analysis.",
	author = "C. M. Breneman and K. B. Wiberg",
	journal = "J. Comput. Chem.",
	pages = "361--373",
	volume = "11",
	year = "1990"
}

@Article{ Bayly1993,
	title = "A Well-Behaved Electrostatic Potential Based Method Using Charge Restraints for Deriving Atomic Charges: The RESP Model",
	author = "C. I. Bayly and P. Cieplak and W. D. Cornell and P. A. Kollman",
	journal = "J. Phys. Chem.",
	pages = "10269--10280",
	volume = "97",
	year = "1993"
}

@Article{ Sigfridsson1998,
	title = "Atomic Charges from the Electrostatic Potential and Moments",
	author = "E. Sigfridsson and U. Ryde",
	journal = "J. Comput. Chem.",
	volume = "19",
	number = "4",
	year = "1998"
}

@Article{ Campana2009,
	title = "Electrostatic Potential Derived Atomic Charges for Periodic Systems Using a Modified Error Functional",
	author = "C. Campana and B. Mussard and T. K. Woo",
	journal = "J. Chem. Theory Comput.",
	pages = "2866--2878",
	volume = "5",
	year = "2009"
}

@Article{ Chen2010,
	title = "Atomic Charges Derived from Electrostatic Potential for Molecular and Periodic Systems",
	author = "D.-J. Chen and A. C. Stern and B. Space and J. K. Johnson",
	journal = "J. Phys. Chem. A",
	pages = "10225--10233",
	volume = "114",
	year = "2010"
}

@Article{ Rowland1996,
	title = " Intermolecular Nonbonded Contact Distances in Organic Crystal Structures: Comparison with Distances Expected from van der Waals Radii.",
	author = "R. S. Rowland and R. Taylor",
	journal = "J. Phys. Chem.",
	pages = "7384--7391",
	volume = "100",
	year = "1996"
}

@Article{ Bondi1964,
	title = "van der Waals Volumes and Radii.",
	author = "A. Bondi",
	journal = "J. Phys. Chem.",
	pages = "441--451",
	volume = "68",
	year = "1964"
}

@Article{ Mantina2009,
	title = "Consistent van der Waals Radii for the Whole Main Group",
	author = "M. Mantina and A. C. Chamberlin and R. Valero and C. J. Cramer and D. G. Truhlar",
	journal = "J. Phys. Chem. A",
	pages = "5806--5812",
	volume = "113",
	year = "2009"
}

